---
---

@article{harrison-ijcai-iml-2016,
author = {Harrison, Brent and Banerjee, Siddhartha and Riedl, Mark O},
journal = {IJCAI 2016 - Workshop on Interactive Machine Learning},
title = {{Learning from Stories: Using Natural Communication to Train Believable Agents}},
year = {2016},
url = {https://www.cc.gatech.edu/~riedl/pubs/ijcai-iml16.pdf}
}

@article{rss-planning-hri-2016,
author = {Banerjee, Siddhartha and Chernova, Sonia},
journal = {RSS Workshop on Planning for HRI},
title = {{Robots predicting the Interruptibility of Humans}},
year = {2016},
url = {https://people.csail.mit.edu/cdarpino/RSS2016WorkshopHRcolla/abstracts/RSS16WS_10_PredictingInterruptibility.pdf}
}

@inproceedings{aamas-2017,
title={Temporal Models for Robot Classification of Human Interruptibility},
author={Banerjee, Siddhartha and Chernova, Sonia},
booktitle={Int. Conf. on Autonomous Agents \& Multiagent Systems},
number={16},
pages={1350--1359},
year={2017},
organization={IFAAMAS},
url = {http://www.aamas2017.org/proceedings/pdfs/p1350.pdf}
}

@article{silva2018whatgoeswrong,
author = {Silva, Andrew and Banerjee, Siddhartha and Chernova, Sonia},
journal = {What Could Go Wrong? Workshop at Human-Robot Interaction (HRI)},
title = {{Excuse Me, Could You Please Assemble These Blocks For Me?}},
year = {2018},
url = {https://github.com/andrewsilva9/jekyll-theme-prologue/blob/master/assets/pdfs/hri-2018-interruptibility.pdf}
}

@inproceedings{banerjee2018efficient,
author = {Banerjee, Siddhartha and Chernova, Sonia},
booktitle = {Companion of the 2018 ACM/IEEE International Conference on Human-Robot Interaction},
organization = {ACM},
pages = {291--292},
title = {{Efficient Human-Robot Interaction for Robust Autonomy in Task Execution}},
year = {2018},
url = {https://dl.acm.org/citation.cfm?id=3176921}
}

@article{banerjee2018robot,
title={Robot Classification of Human Interruptibility and a Study of Its Effects},
author={Banerjee, Siddhartha and Silva, Andrew and Chernova, Sonia},
journal={ACM Transactions on Human-Robot Interaction (THRI)},
volume={7},
number={2},
pages={14},
year={2018},
publisher={ACM},
url = {https://dl.acm.org/citation.cfm?id=3277902}
}
