---
---

@inproceedings{aamas-2017,
title={Temporal Models for Robot Classification of Human Interruptibility},
author={Banerjee, Siddhartha and Chernova, Sonia},
booktitle={Int. Conf. on Autonomous Agents \& Multiagent Systems},
number={16},
pages={1350--1359},
year={2017},
organization={IFAAMAS},
}
@article{harrison-ijcai-iml-2016,
author = {Harrison, Brent and Banerjee, Siddhartha and Riedl, Mark O},
journal = {IJCAI 2016 - Workshop on Interactive Machine Learning},
title = {{Learning from Stories: Using Natural Communication to Train Believable Agents}},
year = {2016},
}
